@article{BARDELI2010,
    title = "Detecting bird sounds in a complex acoustic environment and application to bioacoustic monitoring",
    journal = "Pattern Recognition Letters",
    volume = "31",
    number = "12",
    pages = "1524 - 1534",
    year = "2010",
    note = "Pattern Recognition of Non-Speech Audio",
    issn = "0167-8655",
    doi = "https://doi.org/10.1016/j.patrec.2009.09.014",
    url = "http://www.sciencedirect.com/science/article/pii/S0167865509002487",
    author = "R. Bardeli and D. Wolff and F. Kurth and M. Koch and K.-H. Tauchert and K.-H. Frommolt",
}


@misc{RCNN,
    Author = {Sharath Adavanne and Konstantinos Drossos and Emre Çakır and Tuomas Virtanen},
    Title = {Stacked Convolutional and Recurrent Neural Networks for Bird Audio Detection},
    Year = {2017},
    Eprint = {arXiv:1706.02047},
}

@misc{basicAnalysis,
    author    = "Lakshya Malhotra",
    title     = "Basic Audio and data analysis",
    url       = "https://www.kaggle.com/lakshya91/basic-audio-and-data-analysis"
}


@misc{resnet50TPU,
    author    = "Yosshi999",
    title     = "RFCX: train resnet50 with TPU",
    url       = "https://www.kaggle.com/yosshi999/rfcx-train-resnet50-with-tpu"
}

@misc{KeywordRecognition,
    author    = "Tensorflow",
    title     = "Simple audio recognition: Recognizing keywords",
    url       = "https://www.tensorflow.org/tutorials/audio/simple_audio"
}

@book{latexcompanion,
    author    = "Michel Goossens and Frank Mittelbach and Alexander Samarin",
    title     = "The \LaTeX\ Companion",
    year      = "1993",
    publisher = "Addison-Wesley",
    address   = "Reading, Massachusetts"
}

@article{SpecAugment,
    Author = {Daniel S. Park and William Chan and Yu Zhang and Chung-Cheng Chiu and Barret Zoph and Ekin D. Cubuk and Quoc V. Le},
    Title = {SpecAugment: A Simple Data Augmentation Method for Automatic Speech Recognition},
    Year = {2019},
    Eprint = {arXiv:1904.08779},
    Howpublished = {Proc. Interspeech 2019, 2613-2617},
    Doi = {10.21437/Interspeech.2019-2680},
}

@misc{Mixup,
    Author = {Kele Xu and Dawei Feng and Haibo Mi and Boqing Zhu and Dezhi Wang and Lilun Zhang and Hengxing Cai and Shuwen Liu},
    Title = {Mixup-Based Acoustic Scene Classification Using Multi-Channel Convolutional Neural Network},
    Year = {2018},
    Eprint = {arXiv:1805.07319},
}